@inproceedings{liu2014early,
  title={Early diagnosis of Alzheimer's disease with deep learning},
  author={Liu, Siqi and Liu, Sidong and Cai, Weidong and Pujol, Sonia and Kikinis, Ron and Feng, Dagan},
  booktitle={2014 IEEE 11th international symposium on biomedical imaging (ISBI)},
  pages={1015--1018},
  year={2014},
  organization={IEEE}
}